

@Misc{rfc4960,
  author = 	 {R. Stewart},
  title = 	 {Stream Control Transmission Protocol},
  howpublished = {https://tools.ietf.org/html/rfc4960},
  OPTmonth = 	 {September},
  OPTyear = 	 {2007}
}

@Misc{rfc6120,
  author = 	 {P. Saint-Andre},
  title = 	 {Extensible Messaging and Presence Protocol (XMPP): Core},
  howpublished = {https://tools.ietf.org/html/rfc6120},
  month = 	 {March},
  OPTyear = 	 {2011}
}

@Misc{rfc3261,
  author = 	 {J. Rosenberg and
                  H. Schulzrinne and
                  G. Camarillo and
                  A. Johnston and
                  J. Peterson and
                  R. Sparks and
                  M. Handley and
                  E. Schooler},
  title = 	 {SIP: Session Initiation Protocol},
  howpublished = {https://tools.ietf.org/html/rfc3261},
  month = 	 {June},
  year = 	 {2002}
}

@Misc{rfc5245,
  author = 	 {J. Rosenberg},
  title = 	 {Interactive Connectivity Establishment (ICE): A Protocol for Network Address Translator (NAT) Traversal for Offer/Answer Protocols},
  howpublished = {https://tools.ietf.org/html/rfc5245},
  month = 	 {April},
  OPTyear = 	 {2010}
}

@Misc{rfc6455,
  author = 	 {I. Fette and A. Melnikov},
  title = 	 {The WebSocket Protocol},
  howpublished = {https://tools.ietf.org/html/rfc6455},
  month = 	 {December},
  year = 	 {2011}
}

@Book{WebRTC-2,
  author = 	 {Salvatore Loreto and Simon Pietro Romano},
  title = 	 {Real-Time Communication with WebRTC: Peer-to-Peer in the Browser},
  publisher = 	 {O'Reilly Media Inc.},
  year = 	 {2014}
}

@Book{JavaScript,
  author = 	 {David Flanagan},
  title = 	 {JavaScript: The Definitive Guide},
  publisher = 	 {O'Reilly Media Inc.},
  year =         {2011}
}

@Article{H264,
  author = 	 {Heiko Schwarz and
                  Detlev Marpe and
                  Thomas Wiegand},
  title = 	 {Overview of the Scalable Video Coding Extension of the H.264/AVC Standard},
  journal = 	 {IEEE Transactions on Circuits and Systems for Video Technology},
  year = 	 {2007},
  volume = 	 {17},
  number = 	 {9},
  pages = 	 {1103-1120},
  month = 	 {September}
}

@Misc{Icecast-2,
  title = 	 {Free server software for streaming multimedia.},
  author = 	 {The Xiph Open Source Community},
  howpublished = {http://icecast.org}
}

@INPROCEEDINGS{VP8, 
author={Bankoski, J. and Wilkins, P. and Yaowu Xu}, 
booktitle={Multimedia and Expo (ICME), 2011 IEEE International Conference on}, 
title={Technical overview of VP8, an open source video codec for the web}, 
year={2011}, 
month={July}, 
pages={1-6}, 
abstract={VP8 is an open source video compression format supported by a consortium of technology companies. This paper provides a technical overview of the format, with an emphasis on its unique features. The paper also discusses how these features benefit VP8 in achieving high compression efficiency and low decoding complexity at the same time.}, 
keywords={Internet;public domain software;video codecs;video coding;VP8;World Wide Web;open source video codec;open source video compression format;Automatic voltage control;Continuous wavelet transforms;Entropy;Information filters;Quantization;VP8;Video Codec;Web Video;WebM}, 
doi={10.1109/ICME.2011.6012227}, 
ISSN={1945-7871},}

% http://www.sics.se/~amir/files/download/slides/p2p_livestreaming_survey.pdf

@PhdThesis{Scattercast,
  author =	 {Y. Chawathe},
  title =	 {{Scattercast: An Architecture for Internet Broadcast
                  Distribution as an Infrastructure Service}},
  school =	 {University of California, Berkeley},
  year =	 {2000},
}

@TechReport{PeerCast,
  author =	 {H. Deshpande and M. Bawaand and H. Garcia-Molina},
  title =	 {{Streaming Live Media over Peers}},
  institution =	 {CS-Stanford},
  year =	 {2002}
}

@InProceedings{Scribe,
  author = 	 {M. Castro and P. Druschel and A-M. Kermarrecand and
                  A. Rowstron},
  title = 	 {{SCRIBE: A Large-scale and Decentralized
                  Application-level Multicast Infrastructure}},
  booktitle =    {IEEE JSAC},
  pages = 	 {100-110},
  year = 	 {2002},
  volume = 	 {8},
  number = 	 {20},
  month = 	 {October}
}

@InProceedings{NICE,
  author = 	 {S. Banerjee and B. Bhattacharjee and C. Kommareddy},
  title = 	 {{Scalable application layer multicast}},
  booktitle =    {ACM SIGCOMM},
  pages = 	 {205-217},
  year = 	 {2002},
  month = 	 {October}
}


@Article{BulkTree,
  author = 	 {G. An and D. Gui-Guang and D. Qiong-Hai and L. Chuang},
  title = 	 {{BulkTree: an overlay network architecture for live media streaming}},
  journal = 	 {Journal of Zhejiang University SCIENCE},
  year = 	 {2006},
  OPTmonth = 	 {May}
}

@InProceedings{CoopNet,
  author = 	 {V.N. Padmanabhan and H.J. Wang and P.A. Chou},
  title = 	 {{Resilient Peer-to-Peer Streaming}},
  booktitle =    {Network Protocols, IEEE International Conference on},
  pages = 	 {16-27},
  OPTyear = 	 {2003},
  OPTmonth = 	 {November}
}

@InProceedings{Orchard,
  author = 	 {J.J.D. Mol and Dick Epema and Henk J. Sips},
  title = 	 {{The Orchard Algorithm: P2P Multicasting without
                  Free-riding}},
  OPTbooktitle = {Peer-to-Peer Computing, IEEE International Conference on},
  OPTpages = 	 {275-282},
  OPTyear = 	 {2006},
  OPTmonth = 	 {September}
}

@InProceedings{Narada,
  author = 	 {Y.Chu and S. Rao and H. Zhang},
  title = 	 {A case for end system multicast},
  booktitle =    {Proceedings of ACM SIGMETRICS},
  pages = 	 {1-12},
  year = 	 {2000},
  OPTmonth = 	 {June}
}

@Manual{Yoid,
  title = 	 {{Yoid: Extending the Internet Multicast Architecture}},
  author = 	 {P. Francis},
  organization = {The ICSI Networking and Security Group},
  address = 	 {http://www.icir.org/yoid/docs/ycHtmlL/htmlRoot.html},
  month = 	 {April},
  year = 	 {2000}
}

@InProceedings{Bullet,
  author = 	 {D. Kostic and A. Rodriguez and J. Albrecht and A. Vahdat},
  title = 	 {{Bullet: High Bandwidth Data Dissemination Using an
                  Overlay Mesh}},
  booktitle =    {ACM SOSP},
  month = 	 {October}
}


@InProceedings{PULSE,
  author = 	 {F. Pianese and J. Keller and E. W. Biersack},
  title = 	 {{PULSE, a Flexible P2P Live Streaming System},
  booktitle =    {INFOCOM 2006. 25th IEEE International Conference on
                  Computer Communications. Proceedings}},
  pages = 	 {1-6},
  year = 	 {2006}
}

@TechReport{Zebra,
  author = 	 {M. Dobuzhskaya and R. Liu and J. Roewe and N. Sharma},
  title = 	 {{Zebra: Peer to Peer Multicast For Live Streaming Video}},
  institution =  {Massachusetts Institute of Technology},
  year = 	 {2004}
}


@Misc{WebRTC,
  author = 	 {The WebRTC Team},
  title = 	 {\href{http://www.webrtc.org/}{{Web Real-Time Communication}}},
  howpublished = {\url{http://www.webrtc.org/}},
  year = 	 {2011}
}

@Misc{GPL,
  author = 	 {GNU},
  title = 	 {{GNU General PUblic License}},
  howpublished = {\url{http://www.gnu.org/licenses/}}
}
@Misc{P2PSP,
  author = 	 {The P2PSP Team},
  title = 	 {{Peer to Peer Straightforward Protocol}},
  howpublished = {\url{http://p2psp.org/en/p2psp-protocol}}
}

@Misc{P2PSP_implementation,
  author = 	 {The P2PSP Team},
  title = 	 {{Implementation of the P2PSP (Peer to Peer Straightforward
                  Protocol) in Lauchpad}},
  howpublished = {\url{https://launchpad.net/p2psp}}
}

@InProceedings{JAMJPAR13,
  title =	 {{Execution of the P2PSP protocol in parallel
                  environments}},
  author =	 {Cristobal Medina-L\'opez and J.A.M. Naranjo and Juan
                  Pablo Garc\'ia-Ortiz and L. G. Casado and Vicente
                  Gonz\'alez-Ruiz},
  booktitle =	 {Actas XXIV Jornadas de Paralelismo},
  pages =	 {216--221},
  year =	 {2013},
  Ignorareditor =	 {Guillermo Botella y Alberto A. Del Barrio Garcia},
  address =	 {Madrid},
  month =	 {Septiembre},
  isbn =	 {978-84-695-8330-2},
  url =		 {http://www.hpca.ual.es/~vruiz/papers/JAMJPAR13.pdf}
}

@InProceedings{MEDINA14,
  author	= {Medina-L\'opez, Crist\'obal and
                   Garc\'{\i}a Ortiz, Juan Pablo and
                   Naranjo, J.A.M and
                   Casado, L.G. and
                   Gonz\'alez-Ruiz, Vicente},
  title		= {{IPTV using P2PSP and HTML5+WebRTC}},
  booktitle	= {\href{http://www.w3.org/2013/10/tv-workshop/report.html}{{The Fourth W3C Web and TV Workshop (Web \& TV Convergence)}}},
  pages		= {Paper Submission 5},
  year		= {2014},
  address	= {Munchen, Germany},
  month		= {March},
  organization	= {IRT (Institut f\"ur Rundfunktechnik), Munchen, Germany},
  publisher	= {The World Wide Web Consortium (W3C)}
}
  %editor	= {\href{http://www.w3.org/2013/10/tv-workshop/report.html}{The Fourth W3C Web and TV Workshop (Web \& TV Convergence)}},

<a name="SPINS"></a>
@article{SPINS,
 author = {Perrig, A. and Szewczyk, R. and Tygar, J. D. and Wen, V. and Culler, David E.},
 title = {{SPINS}: security protocols for sensor networks},
 journal = {Wirel. Netw.},
 volume = {8},
 issue = {5},
 year = {2002},
 issn = {1022-0038},
 pages = {521--534},
 numpages = {14},
 url = {http://dx.doi.org/10.1023/A:1016598314198},
 doi = {http://dx.doi.org/10.1023/A:1016598314198},
 acmid = {582464},
 publisher = {Kluwer Academic Publishers},
 address = {Hingham, MA, USA},
} 

@article{NaranjoJISE,
author = {Naranjo, J. A. M. and Casado, L. G. and L\'opez-Ramos, J. A.},
title = {Group Oriented Renewal of Secrets and Its Application to Secure Multicast},
journal = {\href{http://www.iis.sinica.edu.tw/page/jise/Introduction.html}{Journal of Information Science and Engineering}},
volume = {27},
number = {4},
pages = {1303--1313},
month = {july},
year = {2011}
}

@article{NaranjoIGPL,
author = {Naranjo, J.A.M. and Casado, L.G.}, 
title = {An updated view on centralized secure group communications},
year = {2012}, 
doi = {10.1093/jigpal/jzs026}, 
URL = {http://jigpal.oxfordjournals.org/content/early/2012/08/03/jigpal.jzs026.abstract}, 
eprint = {http://jigpal.oxfordjournals.org/content/early/2012/08/03/jigpal.jzs026.full.pdf+html}, 
journal = {Logic Journal of IGPL} 
}


@article{Xu:2008,
 author = {Xu, Lihao and Huang, Cheng},
 title = {Computation-Efficient Multicast Key Distribution},
 journal = {IEEE Trans. Parallel Distrib. Syst.},
 issue_date = {May 2008},
 volume = {19},
 number = {5},
 month = may,
 year = {2008},
 issn = {1045-9219},
 pages = {577--587},
 numpages = {11},
 url = {http://dx.doi.org/10.1109/TPDS.2007.70759},
 doi = {10.1109/TPDS.2007.70759},
 acmid = {1399352},
 publisher = {IEEE Press},
 address = {Piscataway, NJ, USA},
}

@article{LinSKD,
title = "Secure and efficient group key management with shared key derivation",
journal = "Comput. Stand. Inter.",
volume = "31",
number = "1",
pages = "192 - 208",
year = "2009",
note = "",
issn = "0920-5489",
doi = "DOI: 10.1016/j.csi.2007.11.005",
url = "http://www.sciencedirect.com/science/article/B6TYV-4R8H1TR-6/2/fb531f2c68f8b92beebf1608a5a82746",
author = "J. Lin and K. Huang and F. Lai and H. Lee",
keywords = "Secure group communication",
keywords = "Group key management",
keywords = "Key tree",
keywords = "Shared key derivation"
}

@inproceedings{ZhouHuangEGK,
 author = {Zhou, Z. and Huang, D.},
 title = {An optimal key distribution scheme for secure multicast group communication},
 booktitle = {INFOCOM'10},
 year = {2010},
 isbn = {978-1-4244-5836-3},
 location = {San Diego, California, USA},
 pages = {331--335},
 numpages = {5},
 url = {http://portal.acm.org/citation.cfm?id=1833515.1833582},
 acmid = {1833582},
 keywords = {group key management, multicast, security},
} 

@article{Yoon2011620,
title = "A secure broadcasting cryptosystem and its application to grid computing",
journal = "Future Generation Computer Systems",
volume = "27",
number = "5",
pages = "620 - 626",
year = "2011",
note = "",
issn = "0167-739X",
doi = "10.1016/j.future.2010.09.012",
url = "http://www.sciencedirect.com/science/article/pii/S0167739X10001913",
author = "Eun-Jun Yoon and Kee-Young Yoo",
}

@ARTICLE{TIM14,
author={Timmerer, Christian and Griwodz, Carsten and Begen, Ali C. and Stockhammer, Thomas and Girod, Bernd},
journal={Selected Areas in Communications, IEEE Journal on},
title={Guest Editorial Adaptive Media Streaming},
year={2014},
month={April},
volume={32},
number={4},
pages={681-683},
note={DOI:10.1109/JSAC.2014.140401},
ISSN={0733-8716}
}

@INPROCEEDINGS{EITT12,
author={Eittenberger, P.M. and Herbst, M. and Krieger, U.R.},
booktitle={Packet Video Workshop (PV), 2012 19th International},
title={RapidStream: P2P streaming on android},
year={2012},
month={May},
pages={125-130},
note={DOI:10.1109/PV.2012.6229724}
}

@incollection{KIM14, 
year={2014},
isbn={978-3-642-41670-5},
booktitle={Ubiquitous Information Technologies and Applications},
volume={280},
series={Lecture Notes in Electrical Engineering},
editor={Jeong, Young-Sik and Park, Young-Ho and Hsu, Ching-Hsien (Robert) and Park, James J. (Jong Hyuk)},
note={DOI:10.1007/978-3-642-41671-2\_32},
title={Resource Analysis for Mobile P2P Live Video Streaming},
publisher={Springer Berlin Heidelberg},
author={Kim, Jongmyoung and Park, Seungchul},
pages={245-252}
}

@INPROCEEDINGS{GAETA2013,
author={Gaeta, A. and Kosta, S. and Stefa, J. and Mei, A.},
booktitle={Sensor, Mesh and Ad Hoc Communications and Networks (SECON), 2013 10th Annual IEEE Communications Society Conference on},
title={StreamSmart: P2P video streaming for smartphones through the cloud},
year={2013},
month={June},
pages={233-235},
note={DOI:10.1109/SAHCN.2013.6644983}
}

@INPROCEEDINGS{Yu-MLC09,
author={Yu-Heng Lin and Can Yang and Xin-Xin Chen},
booktitle={Machine Learning and Cybernetics, 2009 International Conference on},
title={Design and implementation of Embedded P2P streaming media system},
year={2009},
month={July},
volume={3},
pages={1364-1369},
note={DOI:10.1109/ICMLC.2009.5212313}}

@Misc{chromecast,
  author = 	 {{Google Inc.}},
  title = 	 {\href{http://www.google.com/intl/en/chrome/devices/chromecast/}{Google Chromecast Oficial Website}},
  howpublished = {\url{http://www.google.com/intl/en/chrome/devices/chromecast/}},
  year = {2013}
}

@Misc{WebRTCAPI,
  author = 	 {W3C},
  title = 	 {\href{http://www.w3.org/TR/webrtc/}{{WebRTC 1.0: Real-time Communication Between Browsers}}}
}

@Misc{WebSocketAPI,
  author = 	 {W3C},
  title = 	 {\href{http://www.w3.org/TR/websockets/}{{The WebSocket API}}},
  howpublished = {\url{http://www.w3.org/TR/websockets/}},
  year = {2012},
  month = {September}
}


@Misc{issue1343,
  author = 	 {Vikas Marwaha},
  title = 	 {\href{https://code.google.com/p/webrtc/issues/detail?id=1343}{OnIceCandidate not called for more than 10 Peer Connections}},
 howpublished = {\url{https://code.google.com/p/webrtc/issues/detail?id=1343}},
  year = {2013},
  month = {January}
}


@Misc{MSE,
  author = 	 {W3C},
  title = 	 {\href{http://www.w3.org/TR/media-source/}{Media Source Extensions}},
 howpublished = {\url{http://www.w3.org/TR/media-source/}},
  year = {2015},
  month = {March}
}


@Misc{cc-by-sa,
  author =       {Creative Commons},
  title = 	 {Licencia Reconocimiento – CompartirIgual (by-sa)},
  howpublished = {\url{http://creativecommons.org/licenses/by-sa/4.0/legalcode}}
}

@Misc{FirstHTML,
  author =       {Tim Berners-Lee, W3C},
  title = 	 {First mention of HTML Tags on the www-talk mailing list},
  howpublished = {\url{http://lists.w3.org/Archives/Public/www-talk/1991SepOct/0003.html}}
}

@Misc{iswebrtcreadyyet,
  author =       {AndYet},
  title = 	 {Browser support scorecard},
  howpublished = {\url{http://iswebrtcreadyyet.com/}}
}

@Misc{responsive,
  author =       {Ethan Marcotte},
  title = 	 {Responsive Web design},
  howpublished = {\url{http://www.alistapart.com/articles/responsive-web-design/}}
}

@Misc{STUN,
  author =       {J. Rosenberg and R. Mahy and P. Matthews and D. Wing},
  title = 	 {Session Traversal Utilities for NAT (STUN)},
  year =	 {2008},
  month =	 {October},
  howpublished = {\url{http://tools.ietf.org/html/rfc5389}}
}

@Misc{SCTP,
  author =       {Network Working Group},
  title = 	 {Stream Control Transmission Protocol},
  year =	 {2007},
  month =	 {September},
  howpublished = {\url{http://tools.ietf.org/html/rfc4960}}
}

@Misc{TCP,
  author =       {Information Sciences Institute. University of Southern California},
  title = 	 {Transmission Control Protocol},
  year =	 {1981},
  month =	 {September},
  howpublished = {\url{https://www.ietf.org/rfc/rfc793.txt}}
}

@Misc{TURN,
  author =       {J. Rosenberg and R. Mahy and P. Matthews},
  title = 	 { Traversal Using Relays around NAT (TURN): Relay Extensions to Session
                   Traversal Utilities for NAT (STUN)},
  year =	{2009},
  month =	{July},
  howpublished = {\url{http://tools.ietf.org/html/draft-ietf-behave-turn-16}}
}

@Misc{frameworks-py,
  author =       {Python Software Foundation},
  title = 	 {Web Frameworks for Python},
  howpublished = {\url{https://wiki.python.org/moin/WebFrameworks}}
}

@Misc{BitTorrentStreaming,
  author = 	 {BitLet.org},
  title = 	 {Torrent Video Streaming},
  howpublished = {\url{http://www.bitlet.org/video}}
}

@Misc{swirl,
  author = 	 {Swirl project},
  title = 	 {Bringing Peer-to-Peer Streaming to the World},
  howpublished = {\url{http://swirl-project.org/}}
}

@Misc{uTorrent,
  author = 	 {BitTorrent Inc.},
  title = 	 {uTorrent: Pequeño y sin límites},
  howpublished = {\url{http://www.utorrent.com/intl/es/}}
}

@Misc{transmission,
  author = 	 {Transmission Project},
  title = 	 {Transmission BitTorrent},
  howpublished = {\url{https://www.transmissionbt.com/}}
}

@Misc{vuze,
  author = 	 {Azuerus Software Inc.},
  title = 	 {Cliente Vuze BitTorrent},
  howpublished = {\url{http://www.vuze.com/}}
}

@Misc{StreamRoot,
  author = 	 {StreamRoot},
  title = 	 {Live Streaming Delivery},
  howpublished = {\url{http://www.streamroot.io/}}
}

@Misc{opiate,
  author = 	 {Opiate en GitHub},
  title = 	 {Simple WebSocket Server},
  howpublished = {\url{https://github.com/opiate/SimpleWebSocketServer}}
}

@Misc{rfc5766turn,
  author = 	 {Oleg Moskalenko},
  title = 	 {rfc5766-turn-server},
  howpublished = {\url{https://code.google.com/p/rfc5766-turn-server/}}
}

@Misc{probarchat,
  author = 	 {Cristóbal Medina López},
  title = 	 {WebRTC Multi-Party Chat Example},
  howpublished = {\url{http://p2psp.org/chat/}}
}

@Misc{probarstreamingwebrtc,
  author = 	 {Cristóbal Medina López},
  title = 	 {Video Streaming System over WebRTC},
  howpublished = {\url{http://www.p2psp.org/webrtc-streaming/}}
}

@Misc{blogcml,
  author = 	 {Cristóbal Medina López},
  title = 	 {Blog},
  howpublished = {\url{http://www.cristobalmedinalopez.es/}}
}


@Misc{experimentcode,
  author = 	 {P2PSP Team en Launchpad},
  title = 	 {Experimentos con WebRTC},
  howpublished = {\url{http://bazaar.launchpad.net/~p2psp/p2psp/webrtc/}}
}

@article{cisco2014,
  title={\href{http://www.cisco.com/c/en/us/solutions/collateral/service-provider/visual-networking-index-vni/white\_paper\_c11-520862.html}{Cisco visual networking index}: global mobile data traffic forecast update, 2014--2019},
  author={Cisco VNI},
  journal={Cisco Public Information},
  year={2015}
}

@inproceedings{barbosatowards,
  author={Barbosa, Fl{\'a}vio Ribeiro Nogueira and Soares, Luiz Fernando Gomes},
  booktitle={Simp{\'o}sio Brasileiro de Redes de Computadores (SBRC)},
 title={Towards the Application of WebRTC Peer-to-Peer to Scale Live Video Streaming over the Internet},
  year={2014}
}

@INPROCEEDINGS{nurminen13webrtc, 
author={Nurminen, J.K. and Meyn, A.J.R. and Jalonen, E. and Raivio, Y. and Garcia Marrero, R.}, 
booktitle={Computer Communications Workshops (INFOCOM WKSHPS), 2013 IEEE Conference on}, 
title={{P2P media streaming with HTML5 and WebRTC}}, 
year={2013}, 
month={April}, 
pages={63-64}
}

@INPROCEEDINGS{rodriguez2012advanced,
  title={Advanced Videoconferencing based on WebRTC},
  author={Rodr{\'\i}guez P{\'e}rez, Pedro and Cervi{\~n}o Arriba, Javier and Trajkovska, Irena and Salvach{\'u}a Rodr{\'\i}guez, Joaqu{\'\i}n},
  booktitle={IADIS multi conference on computer science and information systems},
  year={2012}
}

@article{lubbers2010html5,
  title={Html5 web sockets: A quantum leap in scalability for the web},
  author={Lubbers, Peter and Greco, Frank},
  journal={SOA World Magazine},
  year={2010}
}

@INPROCEEDINGS{rubiano2014webrtc,
  title={{WebRTC-Una nueva tecnolog{\'\i}a web al servicio de la educaci{\'o}n. Caso en VirtualNet 2.0}},
  author={Rubiano, Jorge Humberto and Mena, Andr{\'e}s Felipe and Hern{\'a}ndez, Juan Carlos and others},
  booktitle={Cuarta Conferencia de Directores de Tecnología de Información, TICAL2014},
  year={2014}
}

@INPROCEEDINGS{5723179,
author={Ghareeb, M. and Ksentini, A. and Viho, C.},
booktitle={Information Networking (ICOIN), 2011 International Conference on},
title={Scalable Video Coding (SVC) for multipath video streaming over Video Distribution Networks (VDN)},
year={2011},
month={Jan},
pages={206-211},
abstract={In this paper we propose a multipath video streaming mechanism based on the Scalable Video Coding (SVC) extension of H.264/AVC. Our method adapts to the heterogeneous capabilities of different end-users. Additionally, it adapts to network bandwidth fluctuation by observing the changes in the available bandwidth over the multiple overlay paths, and updating the streaming strategy accordingly. Results show the adaptability and the efficiency of the proposed algorithm in order to deliver the best possible video quality while keeping the balance between end-user requirements and network resources consumption.},
keywords={video coding;video streaming;H.264-AVC;multipath video streaming;multiple overlay path;network bandwidth fluctuation;network resource consumption;scalable video coding;video distribution network;video quality;Bandwidth;Bit rate;Decoding;Servers;Static VAr compensators;Streaming media;Video coding},
doi={10.1109/ICOIN.2011.5723179},
ISSN={1976-7684},}

@INPROCEEDINGS{5700159, 
author={Cruz, R.S. and Nunes, M.S. and Patrikakis, C.Z. and Papaoulakis, N.C.}, 
booktitle={GLOBECOM Workshops (GC Wkshps), 2010 IEEE}, 
title={SARACEN: A platform for adaptive, socially aware multimedia distribution over P2P networks}, 
year={2010}, 
month={Dec}, 
pages={1356-1360}, 
abstract={This paper presents the design of a platform for distribution of multimedia content streams supported through innovative techniques, both in terms of media encoding and media distribution. The platform architecture accommodates the use of scalable media coding techniques, including both standard and state of the art research methods (wavelets, multiple description coding), combined with new transport and realtime streaming protocols deployed over peer-to-peer networks. Furthermore, discovery of media resources and selection of peer nodes takes into account social networking related information, as this is available in user communities over the Internet. The design of the platform is taking place in the context of the European FP7 project SARACEN.}, 
keywords={Internet;encoding;multimedia communication;peer-to-peer computing;real-time systems;routing protocols;wavelet transforms;European FP7 project;Internet;P2P networks;SARACEN;adaptive multimedia distribution;media encoding;multimedia content streams;multiple description coding;peer-to-peer networks;real-time streaming protocols;scalable media coding;social networking;socially aware multimedia distribution;wavelets;Multimedia streaming;Peer-to-Peer;Scalable Coding;Social Networks}, 
doi={10.1109/GLOCOMW.2010.5700159},}

@Misc{aomedia,
  author = 	 {Joint Development Foundation},
  title = 	 {Alliance for Open Media},
  howpublished = {\url{http://aomedia.org/}}
}

@article{shamirsecretsharing,
 author = {Shamir, Adi},
 title = {How to Share a Secret},
 journal = {Commun. ACM},
 issue_date = {Nov. 1979},
 volume = {22},
 number = {11},
 month = nov,
 year = {1979},
 issn = {0001-0782},
 pages = {612--613},
 numpages = {2},
 url = {http://doi.acm.org/10.1145/359168.359176},
 doi = {10.1145/359168.359176},
 acmid = {359176},
 publisher = {ACM},
 address = {New York, NY, USA},
 keywords = {cryptography, interpolation, key management},
} 
